<?xml version="1.0" encoding="UTF-8"?><collection xmlns="http://www.loc.gov/MARC21/slim"><record><leader>00322nam--2200121-i-4500</leader><controlfield tag="001">000034866</controlfield><controlfield tag="002">20161230</controlfield><controlfield tag="005">20161230201040</controlfield><controlfield tag="008">060222s1000------------r-----000-0-eng-d</controlfield><datafield ind1=" " ind2=" " tag="100"><subfield code="a">Nagayama, Satoshi</subfield></datafield><datafield ind1=" " ind2=" " tag="245"><subfield code="a">Sarata, hajime</subfield></datafield><datafield ind1=" " ind2=" " tag="260"><subfield code="a">Otake Iwao</subfield></datafield><datafield ind1=" " ind2=" " tag="490"><subfield code="a">Tokyo, Japan Atomic Energy Research Institute, 1970. 49p. Cu Fig</subfield></datafield></record></collection>